<record><leader>00000cas a2200000 a 4500</leader><controlfield tag="001">12574708</controlfield><controlfield tag="008">850919d19591961ksucr ne      0    0eng d</controlfield><datafield ind1=" " ind2=" " tag="010"><subfield code="a">sn 85032433 </subfield></datafield><datafield ind1=" " ind2=" " tag="040"><subfield code="a">KSH</subfield><subfield code="b">eng</subfield><subfield code="c">KSH</subfield><subfield code="d">NPT</subfield><subfield code="d">OCL</subfield><subfield code="d">OCLCQ</subfield></datafield><datafield ind1=" " ind2=" " tag="042"><subfield code="a">msc</subfield></datafield><datafield ind1="0" ind2="0" tag="245"><subfield code="a">Derby-Haysville star-herald.</subfield></datafield><datafield ind1=" " ind2=" " tag="260"><subfield code="a">Wichita, Kan. :</subfield><subfield code="b">George A. Smith,</subfield><subfield code="c">1959-1961.</subfield></datafield><datafield ind1=" " ind2=" " tag="300"><subfield code="a">2 v. :</subfield><subfield code="b">ill. ;</subfield><subfield code="c">45 cm.</subfield></datafield><datafield ind1=" " ind2=" " tag="310"><subfield code="a">Semiweekly</subfield></datafield><datafield ind1="0" ind2=" " tag="362"><subfield code="a">Vol. 6, no. 52 (Nov. 24, 1959)-v. 7, no. 75 (Sept. 21, 1961).</subfield></datafield><datafield ind1=" " ind2=" " tag="500"><subfield code="a">Published by: Larry Ricketts, Jan. 5-Nov. 25, 1960; Sedgwick Publications Inc., Dec. 1, 1960-Sept. 21, 1961.</subfield></datafield><datafield ind1=" " ind2=" " tag="500"><subfield code="a">Published in Derby, Kan., Jan. 7, 1960-Apr. 11, 1961.</subfield></datafield><datafield ind1=" " ind2=" " tag="752"><subfield code="a">United States</subfield><subfield code="b">Kansas</subfield><subfield code="c">Sedgwick</subfield><subfield code="d">Derby.</subfield></datafield><datafield ind1=" " ind2=" " tag="752"><subfield code="a">United States</subfield><subfield code="b">Kansas</subfield><subfield code="c">Sedgwick</subfield><subfield code="d">Wichita.</subfield></datafield><datafield ind1="0" ind2="4" tag="780"><subfield code="t">Derby star (Wichita, Kan. : 1958)</subfield><subfield code="w">(DLC)sn 85032422</subfield></datafield><datafield ind1="0" ind2="4" tag="780"><subfield code="t">Haysville herald (Wichita, Kan. : 1956)</subfield><subfield code="w">(DLC)sn 85032481</subfield></datafield><datafield ind1="0" ind2="6" tag="785"><subfield code="t">Derby star (Wichita, Kan. : 1961)</subfield><subfield code="w">(DLC)sn 85032434</subfield></datafield><datafield ind1="0" ind2="6" tag="785"><subfield code="t">Haysville herald (Wichita, Kan. : 1961)</subfield><subfield code="w">(DLC)sn 85032480</subfield></datafield><datafield ind1="1" ind2=" " tag="029"><subfield code="a">AU@</subfield><subfield code="b">000022165662</subfield></datafield></record>